@article{PhipsonSmyth+2010,
author = {Belinda Phipson and Gordon K Smyth},
doi = {doi:10.2202/1544-6115.1585},
url = {https://doi.org/10.2202/1544-6115.1585},
title = {Permutation P-values Should Never Be Zero: Calculating Exact P-values When Permutations Are Randomly Drawn},
journal = {Statistical Applications in Genetics and Molecular Biology},
number = {1},
volume = {9},
year = {2010}
}
